@book{downfall,
  author = {Arthur T. Benjamin and Jennifer J. Quinn},
  title = {Proofs that Really Count: The Art of Combinatorial Proof},
  date = {2003},
  series = {The Dolciani Mathematical Expositions},
  publisher = {The Mathematical Association of America},
}
